
@book{smaldino2023modeling,
  title={Modeling social behavior: mathematical and agent-based models of social dynamics and cultural evolution},
  author={Smaldino, Paul E.},
  year={2023},
  publisher={Princeton University Press}
}


@article{David1990,
  title = {The Economics Of Compatibility Standards: An Introduction To Recent Research1},
  volume = {1},
  ISSN = {1476-8364},
  url = {http://dx.doi.org/10.1080/10438599000000002},
  DOI = {10.1080/10438599000000002},
  number = {1–2},
  journal = {Economics of Innovation and New Technology},
  publisher = {Informa UK Limited},
  author = {David,  Paul A. and Greenstein,  Shane},
  year = {1990},
  month = jan,
  pages = {3–41}
}

@article{Bright2017,
  title = {A Role for Judgment Aggregation in Coauthoring Scientific Papers},
  volume = {83},
  ISSN = {1572-8420},
  url = {http://dx.doi.org/10.1007/s10670-017-9887-1},
  DOI = {10.1007/s10670-017-9887-1},
  number = {2},
  journal = {Erkenntnis},
  publisher = {Springer Science and Business Media LLC},
  author = {Bright,  Liam Kofi and Dang,  Haixin and Heesen,  Remco},
  year = {2017},
  month = mar,
  pages = {231–252}
}

@book{Lewis2002,
  title = {Convention: A Philosophical Study},
  publisher = {Harvard
University Press.},
  location = {Cambridge, MA},
  author = {Lewis,  David},
  year = {1969},
  month = jan 
}

@article{Foley2018,
  title = {Conflict and convention in dynamic networks},
  volume = {15},
  ISSN = {1742-5662},
  url = {http://dx.doi.org/10.1098/rsif.2017.0835},
  DOI = {10.1098/rsif.2017.0835},
  number = {140},
  journal = {Journal of The Royal Society Interface},
  publisher = {The Royal Society},
  author = {Foley,  Michael and Forber,  Patrick and Smead,  Rory and Riedl,  Christoph},
  year = {2018},
  month = mar,
  pages = {20170835}
}

@article{Jacomy2014,
  title = {ForceAtlas2,  a Continuous Graph Layout Algorithm for Handy Network Visualization Designed for the Gephi Software},
  volume = {9},
  ISSN = {1932-6203},
  url = {http://dx.doi.org/10.1371/journal.pone.0098679},
  DOI = {10.1371/journal.pone.0098679},
  number = {6},
  journal = {PLoS ONE},
  publisher = {Public Library of Science (PLoS)},
  author = {Jacomy,  Mathieu and Venturini,  Tommaso and Heymann,  Sebastien and Bastian,  Mathieu},
  editor = {Muldoon,  Mark R.},
  year = {2014},
  month = jun,
  pages = {e98679}
}

@article{Ghosal2020,
  title = {Joint estimation of parameters in Ising model},
  volume = {48},
  ISSN = {0090-5364},
  url = {http://dx.doi.org/10.1214/19-AOS1822},
  DOI = {10.1214/19-aos1822},
  number = {2},
  journal = {The Annals of Statistics},
  publisher = {Institute of Mathematical Statistics},
  author = {Ghosal,  Promit and Mukherjee,  Sumit},
  year = {2020},
  month = apr 
}

@article{kim2021variational,
  title={Variational Bayes algorithm and posterior consistency of Ising model parameter estimation},
  author={Kim, Minwoo and Bhattacharya, Shrijita and Maiti, Tapabrata},
  journal={arXiv preprint arXiv:2109.01548},
  year={2021}
}

@incollection{Newman2004,
  doi = {10.1007/978-3-540-44485-5_16},
  url = {https://doi.org/10.1007/978-3-540-44485-5_16},
  year = {2004},
  month = aug,
  publisher = {Springer},
  pages = {337--370},
  author = {Mark E.J. Newman},
  title = {Who Is the Best Connected Scientist? {A} Study of Scientific Coauthorship Networks},
  booktitle = {Complex Networks},
 entrysubtype={technical}
}

@article{Bright2017,
  title = {A Role for Judgment Aggregation in Coauthoring Scientific Papers},
  volume = {83},
  ISSN = {1572-8420},
  url = {http://dx.doi.org/10.1007/s10670-017-9887-1},
  DOI = {10.1007/s10670-017-9887-1},
  number = {2},
  journal = {Erkenntnis},
  publisher = {Springer Science and Business Media LLC},
  author = {Bright,  Liam Kofi and Dang,  Haixin and Heesen,  Remco},
  year = {2017},
  month = mar,
  pages = {231–252}
}

@inproceedings{pujol2005role,
  title={The role of clustering on the emergence of efficient social conventions},
  author={Pujol, Josep M and Delgado, Jordi and Sang{\"u}esa, Ramon and Flache, Andreas},
  booktitle={Proceedings of the 19th international joint conference on Artificial intelligence},
  pages={965--970},
  year={2005}
}

@inproceedings{kooti2012emergence,
  title={The emergence of conventions in online social networks},
  author={Kooti, Farshad and Yang, Haeryun and Cha, Meeyoung and Gummadi, Krishna and Mason, Winter},
  booktitle={Proceedings of the International AAAI Conference on Web and Social Media},
  volume={6},
  number={1},
  pages={194--201},
  year={2012}
}

@article{delgado2002emergence,
  title={Emergence of social conventions in complex networks},
  author={Delgado, Jordi},
  journal={Artificial intelligence},
  volume={141},
  number={1-2},
  pages={171--185},
  year={2002},
  publisher={Elsevier}
}

@article{hawkins2019emergence,
  title={The emergence of social norms and conventions},
  author={Hawkins, Robert XD and Goodman, Noah D and Goldstone, Robert L},
  journal={Trends in cognitive sciences},
  volume={23},
  number={2},
  pages={158--169},
  year={2019},
  publisher={Elsevier}
}

@inproceedings{pujol2005role,
  title={The role of clustering on the emergence of efficient social conventions},
  author={Pujol, Josep M and Delgado, Jordi and Sang{\"u}esa, Ramon and Flache, Andreas},
  booktitle={Proceedings of the 19th international joint conference on Artificial intelligence},
  pages={965--970},
  year={2005}
}

@article{calvert1992leadership,
  title={Leadership and its basis in problems of social coordination},
  author={Calvert, Randall},
  journal={International Political Science Review},
  volume={13},
  number={1},
  pages={7--24},
  year={1992},
  publisher={Sage Publications Sage CA: Thousand Oaks, CA},
  doi={10.1177/019251219201300102}
}

@article{perret2022investigation,
  title={An investigation of the role of leadership in consensus decision-making},
  author={Perret, Cedric and Powers, Simon T},
  journal={Journal of Theoretical Biology},
  volume={543},
  pages={111094},
  year={2022},
  publisher={Elsevier}
}

@article{Correia2022,
  title = {Asymmetric games on networks: Towards an Ising-model representation},
  volume = {593},
  ISSN = {0378-4371},
  url = {http://dx.doi.org/10.1016/j.physa.2022.126972},
  DOI = {10.1016/j.physa.2022.126972},
  journal = {Physica A: Statistical Mechanics and its Applications},
  publisher = {Elsevier BV},
  author = {Correia,  A.D. and Leestmaker,  L.L. and Stoof,  H.T.C. and Broere,  J.J.},
  year = {2022},
  month = may,
  pages = {126972}
}

@inbook{Urbano2009,
  title = {Force Versus Majority: A Comparison in Convention Emergence Efficiency},
  ISBN = {9783642004438},
  ISSN = {1611-3349},
  url = {http://dx.doi.org/10.1007/978-3-642-00443-8_4},
  DOI = {10.1007/978-3-642-00443-8_4},
  booktitle = {Lecture Notes in Computer Science},
  publisher = {Springer Berlin Heidelberg},
  author = {Urbano,  Paulo and Balsa,  João and Antunes,  Luis and Moniz,  Luis},
  year = {2009},
  pages = {48–63}
}

@article{BRUSH1967,
  title = {History of the Lenz-Ising Model},
  volume = {39},
  ISSN = {0034-6861},
  url = {http://dx.doi.org/10.1103/RevModPhys.39.883},
  DOI = {10.1103/revmodphys.39.883},
  number = {4},
  journal = {Reviews of Modern Physics},
  publisher = {American Physical Society (APS)},
  author = {BRUSH,  STEPHEN G.},
  year = {1967},
  month = oct,
  pages = {883–893}
}

@article{Nguyen2017,
  title = {Inverse statistical problems: from the inverse Ising problem to data science},
  volume = {66},
  ISSN = {1460-6976},
  url = {http://dx.doi.org/10.1080/00018732.2017.1341604},
  DOI = {10.1080/00018732.2017.1341604},
  number = {3},
  journal = {Advances in Physics},
  publisher = {Informa UK Limited},
  author = {Nguyen,  H. Chau and Zecchina,  Riccardo and Berg,  Johannes},
  year = {2017},
  month = jun,
  pages = {197–261}
}

@article{Binmore2010,
  title = {Social norms or social preferences?},
  volume = {9},
  ISSN = {1860-1839},
  url = {http://dx.doi.org/10.1007/s11299-010-0073-2},
  DOI = {10.1007/s11299-010-0073-2},
  number = {2},
  journal = {Mind \& Society},
  publisher = {Springer Science and Business Media LLC},
  author = {Binmore,  Ken},
  year = {2010},
  month = jun,
  pages = {139–157}
}

@article{Macy2024,
  title = {The Ising model celebrates a century of interdisciplinary contributions},
  volume = {1},
  ISSN = {2731-8753},
  url = {http://dx.doi.org/10.1038/s44260-024-00012-0},
  DOI = {10.1038/s44260-024-00012-0},
  number = {1},
  journal = {npj Complexity},
  publisher = {Springer Science and Business Media LLC},
  author = {Macy,  Michael W. and Szymanski,  Boleslaw K. and Hołyst,  Janusz A.},
  year = {2024},
  month = jul 
}

@article{Shiono2021,
  title = {Estimation of agent-based models using Bayesian deep learning approach of BayesFlow},
  volume = {125},
  ISSN = {0165-1889},
  url = {http://dx.doi.org/10.1016/j.jedc.2021.104082},
  DOI = {10.1016/j.jedc.2021.104082},
  journal = {Journal of Economic Dynamics and Control},
  publisher = {Elsevier BV},
  author = {Shiono,  Takashi},
  year = {2021},
  month = apr,
  pages = {104082}
}

@inproceedings{radev2023jana,
  title={{JANA}: Jointly Amortized Neural Approximation of Complex Bayesian Models},
  author={Stefan T. Radev and Marvin Schmitt and Valentin Pratz and Umberto Picchini and Ullrich Koethe and Paul-Christian Buerkner},
  booktitle={The 39th Conference on Uncertainty in Artificial Intelligence},
  year={2023},
  url={https://openreview.net/forum?id=dS3wVICQrU0}
}

@misc{radev2023bayesflow,
  title = {BayesFlow: Amortized Bayesian Workflows With Neural Networks},
  author = {Stefan T Radev and Marvin Schmitt and Lukas Schumacher and Lasse Elsem\"{u}ller and Valentin Pratz and Yannik Sch\"{a}lte and Ullrich K\"{o}the and Paul-Christian B\"{u}rkner},
  year = {2023},
  publisher= {arXiv},
  url={https://arxiv.org/abs/2306.16015}
}

@article{Mzard2011,
  title = {Exact mean-field inference in asymmetric kinetic Ising systems},
  volume = {2011},
  ISSN = {1742-5468},
  url = {http://dx.doi.org/10.1088/1742-5468/2011/07/L07001},
  DOI = {10.1088/1742-5468/2011/07/l07001},
  number = {07},
  journal = {Journal of Statistical Mechanics: Theory and Experiment},
  publisher = {IOP Publishing},
  author = {Mézard,  M and Sakellariou,  J},
  year = {2011},
  month = jul,
  pages = {L07001}
}

@article{Poulsen2023,
  title = {Inferring Cultural Landscapes with the Inverse Ising Model},
  volume = {25},
  ISSN = {1099-4300},
  url = {http://dx.doi.org/10.3390/e25020264},
  DOI = {10.3390/e25020264},
  number = {2},
  journal = {Entropy},
  publisher = {MDPI AG},
  author = {Poulsen,  Victor Møller and DeDeo,  Simon},
  year = {2023},
  month = jan,
  pages = {264}
}

@book{williamson1975markets,
  title={Markets and Hierarchies, Analysis and Antitrust Implications: A study in the economics of internal organization},
  author={Williamson, Oliver E.},
  year={1975},
  publisher={Free Press},
  address={New York}
}

@article{Shiono2021,
  title = {Estimation of agent-based models using Bayesian deep learning approach of BayesFlow},
  volume = {125},
  ISSN = {0165-1889},
  url = {http://dx.doi.org/10.1016/j.jedc.2021.104082},
  DOI = {10.1016/j.jedc.2021.104082},
  journal = {Journal of Economic Dynamics and Control},
  publisher = {Elsevier BV},
  author = {Shiono,  Takashi},
  year = {2021},
  month = apr,
  pages = {104082}
}

@article{Delgado2002,
  title = {Emergence of social conventions in complex networks},
  volume = {141},
  ISSN = {0004-3702},
  url = {http://dx.doi.org/10.1016/S0004-3702(02)00262-X},
  DOI = {10.1016/s0004-3702(02)00262-x},
  number = {1–2},
  journal = {Artificial Intelligence},
  publisher = {Elsevier BV},
  author = {Delgado,  Jordi},
  year = {2002},
  month = oct,
  pages = {171–185}
}


@article{Heaberlin2016,
  title = {The Evolution of Wikipedia’s Norm Network},
  volume = {8},
  ISSN = {1999-5903},
  url = {http://dx.doi.org/10.3390/fi8020014},
  DOI = {10.3390/fi8020014},
  number = {2},
  journal = {Future Internet},
  publisher = {MDPI AG},
  author = {Heaberlin,  Bradi and DeDeo,  Simon},
  year = {2016},
  month = apr,
  pages = {14}
}

@inproceedings{DanescuNiculescuMizil2013,
  series = {WWW ’13},
  title = {No country for old members: user lifecycle and linguistic change in online communities},
  url = {http://dx.doi.org/10.1145/2488388.2488416},
  DOI = {10.1145/2488388.2488416},
  booktitle = {Proceedings of the 22nd international conference on World Wide Web},
  publisher = {ACM},
  author = {Danescu-Niculescu-Mizil,  Cristian and West,  Robert and Jurafsky,  Dan and Leskovec,  Jure and Potts,  Christopher},
  year = {2013},
  month = may,
  collection = {WWW ’13}
}

@inbook{Elsenbroich2013,
  title = {Modelling Norms},
  ISBN = {9789400770522},
  url = {http://dx.doi.org/10.1007/978-94-007-7052-2_10},
  DOI = {10.1007/978-94-007-7052-2_10},
  booktitle = {Modelling Norms},
  publisher = {Springer Netherlands},
  author = {Elsenbroich,  Corinna and Gilbert,  Nigel},
  year = {2013},
  month = jun,
  pages = {143–149}
}

@article{Soltan1988,
  title = {Democracy,  dictatorship and decision costs},
  volume = {57},
  ISSN = {1573-7101},
  url = {http://dx.doi.org/10.1007/BF00052403},
  DOI = {10.1007/bf00052403},
  number = {2},
  journal = {Public Choice},
  publisher = {Springer Science and Business Media LLC},
  author = {Sołltan,  Karol Edward},
  year = {1988},
  month = may,
  pages = {155–173}
}

@book{arrow1951social,
  title={Social Choice and Individual Values},
  author={Arrow, Kenneth Joseph},
  publisher={John Wiley \& Sons},
  year={1951}
}

@article{List2011,
  title = {The theory of judgment aggregation: an introductory review},
  volume = {187},
  ISSN = {1573-0964},
  url = {http://dx.doi.org/10.1007/s11229-011-0025-3},
  DOI = {10.1007/s11229-011-0025-3},
  number = {1},
  journal = {Synthese},
  publisher = {Springer Science and Business Media LLC},
  author = {List,  Christian},
  year = {2011},
  month = dec,
  pages = {179–207}
}

@article{Smaldino2022,
  title = {Interdisciplinarity can aid the spread of better methods between scientific communities},
  volume = {1},
  ISSN = {2633-9137},
  url = {http://dx.doi.org/10.1177/26339137221131816},
  DOI = {10.1177/26339137221131816},
  number = {2},
  journal = {Collective Intelligence},
  publisher = {SAGE Publications},
  author = {Smaldino,  Paul E and O’Connor,  Cailin},
  year = {2022},
  month = oct,
  pages = {263391372211318}
}

@article{Labov2007,
  title = {Transmission and Diffusion},
  volume = {83},
  ISSN = {1535-0665},
  url = {http://dx.doi.org/10.1353/lan.2007.0082},
  DOI = {10.1353/lan.2007.0082},
  number = {2},
  journal = {Language},
  publisher = {Project MUSE},
  author = {Labov,  William},
  year = {2007},
  month = jun,
  pages = {344–387}
}

@article{de2017introduction,
  title={An introduction to mixture item response theory models},
  author={De Ayala, RJ and Santiago, SY},
  journal={Journal of school psychology},
  volume={60},
  pages={25--40},
  year={2017},
  publisher={Elsevier}
}

@article{Galesic2019,
  title = {Statistical physics models of belief dynamics: Theory and empirical tests},
  volume = {519},
  ISSN = {0378-4371},
  url = {http://dx.doi.org/10.1016/j.physa.2018.12.011},
  DOI = {10.1016/j.physa.2018.12.011},
  journal = {Physica A: Statistical Mechanics and its Applications},
  publisher = {Elsevier BV},
  author = {Galesic,  Mirta and Stein,  D.L.},
  year = {2019},
  month = apr,
  pages = {275–294}
}

@article{waltman2012empirical,
  title={An empirical analysis of the use of alphabetical authorship in scientific publishing},
  author={Waltman, Ludo},
  journal={Journal of Informetrics},
  volume={6},
  number={4},
  pages={700--711},
  year={2012},
  publisher={Elsevier}
}

@inbook{Wu2023,
  title = {The Cultural Evolution of Science},
  ISBN = {9780191905780},
  url = {http://dx.doi.org/10.1093/oxfordhb/9780198869252.013.78},
  DOI = {10.1093/oxfordhb/9780198869252.013.78},
  booktitle = {{The Oxford Handbook of Cultural Evolution}},
  publisher = {Oxford University Press},
  author = {Wu,  Jingyi and O’Connor,  Cailin and Smaldino,  Paul E.},
  year = {2023},
  month = sep 
}

@misc{InspireAPI,
  doi = {10.5281/ZENODO.5788550},
  url = {https://zenodo.org/records/5793383},
  author = {Moskovic,  Micha},
  title = {{The INSPIRE REST API}},
  publisher = {Zenodo},
  year = {2021},
  copyright = {Creative Commons Attribution 4.0 International},
 entrysubtype={primaire}
}

@article{wilholt2009bias,
  title={Bias and values in scientific research},
  author={Wilholt, Torsten},
  journal={Studies in History and Philosophy of Science Part A},
  volume={40},
  number={1},
  pages={92--101},
  year={2009},
  publisher={Elsevier}
}

@article{OConnor2020,
  title = {Measuring Conventionality},
  volume = {99},
  ISSN = {1471-6828},
  url = {http://dx.doi.org/10.1080/00048402.2020.1781220},
  DOI = {10.1080/00048402.2020.1781220},
  number = {3},
  journal = {Australasian Journal of Philosophy},
  publisher = {Informa UK Limited},
  author = {O’Connor,  Cailin},
  year = {2020},
  month = jun,
  pages = {579–596}
}

@book{ben2006conventionalism,
  title={Conventionalism: From Poincar{\'e} to Quine},
  author={Ben-Menahem, Yemima},
  year={2006},
  publisher={Cambridge University Press}
}

@article{Wilholt2013,
  title = {Epistemic Trust in Science},
  volume = {64},
  ISSN = {1464-3537},
  url = {http://dx.doi.org/10.1093/bjps/axs007},
  DOI = {10.1093/bjps/axs007},
  number = {2},
  journal = {The British Journal for the Philosophy of Science},
  publisher = {University of Chicago Press},
  author = {Wilholt,  Torsten},
  year = {2013},
  month = jun,
  pages = {233–253}
}

@article{Galesic2021,
  title = {Integrating social and cognitive aspects of belief dynamics: towards a unifying framework},
  volume = {18},
  ISSN = {1742-5662},
  url = {http://dx.doi.org/10.1098/rsif.2020.0857},
  DOI = {10.1098/rsif.2020.0857},
  number = {176},
  journal = {Journal of The Royal Society Interface},
  publisher = {The Royal Society},
  author = {Galesic,  Mirta and Olsson,  Henrik and Dalege,  Jonas and van der Does,  Tamara and Stein,  Daniel L.},
  year = {2021},
  month = mar 
}

@article{Centola2015,
  title = {The spontaneous emergence of conventions: An experimental study of cultural evolution},
  volume = {112},
  ISSN = {1091-6490},
  url = {http://dx.doi.org/10.1073/pnas.1418838112},
  DOI = {10.1073/pnas.1418838112},
  number = {7},
  journal = {Proceedings of the National Academy of Sciences},
  publisher = {Proceedings of the National Academy of Sciences},
  author = {Centola,  Damon and Baronchelli,  Andrea},
  year = {2015},
  month = feb,
  pages = {1989–1994}
}

@inproceedings{lehmann2012dynamical,
  title={Dynamical classes of collective attention in twitter},
  author={Lehmann, Janette and Gon{\c{c}}alves, Bruno and Ramasco, Jos{\'e} J and Cattuto, Ciro},
  booktitle={Proceedings of the 21st international conference on World Wide Web},
  pages={251--260},
  year={2012}
}

@book{kuhn1970,
  author    = {Thomas S. Kuhn},
  title     = {The Structure of Scientific Revolutions},
  edition   = {2nd edition, with postscript},
  year      = {1970},
  publisher = {University of Chicago Press},
  address   = {Chicago}
}

@article{radev2021amortized,
  title={Amortized bayesian model comparison with evidential deep learning},
  author={Radev, Stefan T and D’Alessandro, Marco and Mertens, Ulf K and Voss, Andreas and K{\"o}the, Ullrich and B{\"u}rkner, Paul-Christian},
  journal={IEEE Transactions on Neural Networks and Learning Systems},
  volume={34},
  number={8},
  pages={4903--4917},
  year={2021},
  publisher={IEEE}
}